<?xml version="1.0" encoding="UTF-8"?><collection xmlns="http://www.loc.gov/MARC21/slim"><record><leader>00361nam--2200133-i-4500</leader><controlfield tag="001">000034273</controlfield><controlfield tag="002">20161230</controlfield><controlfield tag="005">20161230201040</controlfield><controlfield tag="008">060222s1000------------r-----000-0-eng-d</controlfield><datafield ind1=" " ind2=" " tag="100"><subfield code="a">Mager, Henri</subfield></datafield><datafield ind1=" " ind2=" " tag="245"><subfield code="a">Radi-esthesie et radio-physique</subfield></datafield><datafield ind1=" " ind2=" " tag="260"><subfield code="a">L`Etude Du Rayonnement Des Forces Et De La Matiere</subfield></datafield><datafield ind1=" " ind2=" " tag="490"><subfield code="a">Paris, Dunod, 1963. Viii+118p</subfield></datafield><datafield ind1=" " ind2=" " tag="852"><subfield code="a">531.2</subfield></datafield></record></collection>